@inproceedings{DBLP:conf/crypto/Kocher96,
  author    = {Paul C. Kocher},
  title     = {Timing Attacks on Implementations of Diffie-Hellman, RSA, DSS, and
               Other Systems},
  booktitle = {{CRYPTO}},
  series    = {Lecture Notes in Computer Science},
  volume    = {1109},
  pages     = {104--113},
  publisher = {Springer},
  year      = {1996}
}
@INPROCEEDINGS{7256167, 
author={J. Balasch and B. Gierlichs and I. Verbauwhede}, 
booktitle={2015 IEEE International Symposium on Electromagnetic Compatibility (EMC)}, 
title={Electromagnetic circuit fingerprints for Hardware Trojan detection}, 
year={2015}, 
volume={}, 
number={}, 
pages={246-251}, 
keywords={copy protection;embedded systems;field programmable gate arrays;integrated logic circuits;invasive software;logic testing;electromagnetic circuit fingerprints;integrated circuit counterfeits;hardware Trojan horses;embedded systems;hardware Trojan detection technique;electromagnetic emanations;field programmable gate arrays;FPGA;Field programmable gate arrays;Hardware;Payloads;Trojan horses;Integrated circuit modeling;Probes}, 
doi={10.1109/ISEMC.2015.7256167}, 
ISSN={2158-1118}, 
month={Aug}
}

@InProceedings{10.1007/11545262_3,
author="Schindler, Werner
and Lemke, Kerstin
and Paar, Christof",
editor="Rao, Josyula R.
and Sunar, Berk",
title="A Stochastic Model for Differential Side Channel Cryptanalysis",
booktitle="Cryptographic Hardware and Embedded Systems -- CHES 2005",
year="2005",
publisher="Springer Berlin Heidelberg",
address="Berlin, Heidelberg",
pages="30--46"
}


@InProceedings{10.1007/978-3-642-15031-9_12,
author="Du, Dongdong
and Narasimhan, Seetharam
and Chakraborty, Rajat Subhra
and Bhunia, Swarup",
editor="Mangard, Stefan
and Standaert, Fran{\c{c}}ois-Xavier",
title="Self-referencing: A Scalable Side-Channel Approach for Hardware Trojan Detection",
booktitle="Cryptographic Hardware and Embedded Systems, CHES 2010",
year="2010",
publisher="Springer Berlin Heidelberg",
address="Berlin, Heidelberg",
pages="173--187"
}

@article{Friedman:1974,
 author = {Friedman, J. H. and Tukey, J. W.},
 title = {A Projection Pursuit Algorithm for Exploratory Data Analysis},
 journal = {IEEE Trans. Comput.},
 issue_date = {September 1974},
 volume = {23},
 number = {9},
 month = sep,
 year = {1974},
 issn = {0018-9340},
 pages = {881--890},
 numpages = {10},
 url = {http://dx.doi.org/10.1109/T-C.1974.224051},
 doi = {10.1109/T-C.1974.224051},
 acmid = {1311448},
 publisher = {IEEE Computer Society},
 address = {Washington, DC, USA},
 keywords = {Clustering, dimensionality reduction, mappings, multidimensional scaling, multivariate data analysis, nonparametric pattern recognition, statistics.},
}

@inproceedings{DBLP:conf/sacrypt/FumaroliMPR10,
  author    = {Guillaume Fumaroli and
               Ange Martinelli and
               Emmanuel Prouff and
               Matthieu Rivain},
  title     = {Affine Masking against Higher-Order Side Channel Analysis},
  booktitle = {Selected Areas in Cryptography},
  series    = {Lecture Notes in Computer Science},
  volume    = {6544},
  pages     = {262--280},
  publisher = {Springer},
  year      = {2010}
}

@TECHREPORT{Hancke05apractical,
    author = {Gerhard Hancke},
    title = {A practical relay attack on ISO 14443 proximity cards},
    institution = {University of Cambridge},
    year = {2005}
}
@inproceedings{DBLP:conf/ccs/ReidNTS07,
  author    = {Jason Reid and
               Juan Manuel Gonz{\'{a}}lez Nieto and
               Tee Tang and
               Bouchra Senadji},
  title     = {Detecting relay attacks with timing-based protocols},
  booktitle = {{ASIACCS}},
  pages     = {204--213},
  publisher = {{ACM}},
  year      = {2007}
}
@Inbook{Choudary2014,
author="Choudary, Omar
and Kuhn, Markus G.",
title="Efficient Template Attacks",
bookTitle="Smart Card Research and Advanced Applications: 12th International Conference, CARDIS 2013, Berlin, Germany, November 27-29, 2013. Revised Selected Papers",
year="2014",
publisher="Springer International Publishing",
address="Cham",
pages="253--270",
isbn="978-3-319-08302-5",
doi="10.1007/978-3-319-08302-5_17",
url="http://dx.doi.org/10.1007/978-3-319-08302-5_17"
}

@inproceedings{DBLP:conf/ches/StandaertA08,
	author    = {Fran\c{c}ois-Xavier Standaert and C{\'e}dric Archambeau},
	title     = {{Using Subspace-Based Template Attacks to Compare and Combine Power and Electromagnetic Information Leakages}},
	booktitle = {CHES},
	publisher = {Springer},
	series    = {Lecture Notes in Computer Science},
	volume    = {5154},
	year      = {2008},
	month     = {August 10--13},
	pages     = {411-425},
	ee        = {http://dx.doi.org/10.1007/978-3-540-85053-3_26},
	isbn      = {978-3-540-85052-6},
	note      = {{Washington, D.C., USA}}
}

@inproceedings{chari-ches2002,
	title     = "{Template Attacks}",
	author    = "Suresh Chari and Josyula R. Rao and Pankaj Rohatgi",
	booktitle = {CHES},
	series    = {LNCS},
	volume    = {2523},
	year      = {2002},
	month     = "August",
	publisher = {Springer},
	pages     = "13-28",
	note      = {{San Francisco Bay, USA}}
}

@INPROCEEDINGS{
   kocher-dpa_and_related_attacks-bfca,
   AUTHOR    = "Paul C. Kocher and Joshua Jaffe and Benjamin Jun",
   TITLE     = "{Differential Power Analysis}",
   booktitle = "CRYPTO",
   publisher = "Springer",
   series    = "LNCS",
   YEAR      = 1999,
   VOLUME    = "1666",
   NUMBER    = "",
   PAGES     = "pp 388--397"
}

@article{DBLP:journals/jce/DogetPRS11,
	author    = {Julien Doget and
	             Emmanuel Prouff and
	             Matthieu Rivain and
	             Fran\c{c}ois-Xavier Standaert},
	title     = {{Univariate side channel attacks and leakage modeling}},
	journal   = {J. Cryptographic Engineering},
	volume    = {1},
	number    = {2},
	year      = {2011},
	pages     = {123-144},
	ee        = {http://dx.doi.org/10.1007/s13389-011-0010-2},
	bibsource = {DBLP, http://dblp.uni-trier.de}
}
@Inbook{Brands1994,
author="Brands, Stefan
and Chaum, David",
title="Distance-Bounding Protocols",
bookTitle="Advances in Cryptology --- EUROCRYPT '93: Workshop on the Theory and Application of Cryptographic Techniques Lofthus, Norway, May 23--27, 1993 Proceedings",
year="1994",
publisher="Springer Berlin Heidelberg",
address="Berlin, Heidelberg",
pages="344--359",
abstract="It is often the case in applications of cryptographic protocols that one party would like to determine a practical upper-bound on the physical distance to the other party. For instance, when a person conducts a cryptographic identification protocol at an entrance to a building, the access control computer in the building would like to be ensured that the person giving the responses is no more than a few meters away.",
isbn="978-3-540-48285-7",
doi="10.1007/3-540-48285-7_30",
url="https://doi.org/10.1007/3-540-48285-7_30"
}

@inproceedings{DBLP:conf/sacrypt/AmielFV07,
  author    = {Fr{\'{e}}d{\'{e}}ric Amiel and
               Benoit Feix and
               Karine Villegas},
  title     = {Power Analysis for Secret Recovering and Reverse Engineering of Public
               Key Algorithms},
  booktitle = {Selected Areas in Cryptography},
  series    = {Lecture Notes in Computer Science},
  volume    = {4876},
  pages     = {110--125},
  publisher = {Springer},
  year      = {2007}
}
@inproceedings{DBLP:conf/icisc/BevanK02,
  author    = {R{\'{e}}gis Bevan and
               Erik Knudsen},
  title     = {Ways to Enhance Differential Power Analysis},
  booktitle = {{ICISC}},
  series    = {Lecture Notes in Computer Science},
  volume    = {2587},
  pages     = {327--342},
  publisher = {Springer},
  year      = {2002}
}
@inproceedings{DBLP:conf/ches/GierlichsBTP08,
  author    = {Benedikt Gierlichs and
               Lejla Batina and
               Pim Tuyls and
               Bart Preneel},
  title     = {Mutual Information Analysis},
  booktitle = {{CHES}},
  series    = {Lecture Notes in Computer Science},
  volume    = {5154},
  pages     = {426--442},
  publisher = {Springer},
  year      = {2008}
}
@inproceedings{DBLP:conf/ches/BrierCO04,
  author    = {Eric Brier and
               Christophe Clavier and
               Francis Olivier},
  title     = {Correlation Power Analysis with a Leakage Model},
  booktitle = {{CHES}},
  series    = {Lecture Notes in Computer Science},
  volume    = {3156},
  pages     = {16--29},
  publisher = {Springer},
  year      = {2004}
}

@inproceedings{DBLP:conf/crypto/KocherJJ99,
  author    = {Paul C. Kocher and
               Joshua Jaffe and 
               Benjamin Jun},
  title     = {Differential Power Analysis},
  booktitle = {{CRYPTO}},
  series    = {Lecture Notes in Computer Science},
  volume    = {1666},
  pages     = {388--397},
  publisher = {Springer},
  year      = {1999}
}

@inproceedings{SakiyamaMMKHMMN15,
author    = {Sakiyama, Kazuo  and  Machida, Takanori and Matsubara, Arisa  and Kuai, Yunfeng  and Hayashi, Yu-ichi and Mizuki, Takaaki  and Miura, Noriyuki  and Nagata, Makoto},
title     = {{Physical authentication using side-channel information}},
booktitle = {{4th International Conference on Information and Communication Technology (ICoICT)}},
series    = {IEEE},
month	  = {May},
year  	  = {2016}
}

@article{DBLP:journals/tifs/BeckerSPB12,
  author    = {Georg T. Becker and
               Daehyun Strobel and
               Christof Paar and
               Wayne Burleson},
  title     = {Detecting Software Theft in Embedded Systems: {A} Side-Channel Approach},
  journal   = {{IEEE} Trans. Information Forensics and Security},
  volume    = {7},
  number    = {4},
  pages     = {1144--1154},
  year      = {2012}
}

@inproceedings{DBLP:conf/fps/BrelurutGL15,
  author    = {Agn{\`{e}}s Brelurut and
               David Gerault and
               Pascal Lafourcade},
  title     = {Survey of Distance Bounding Protocols and Threats},
  booktitle = {{FPS}},
  series    = {Lecture Notes in Computer Science},
  volume    = {9482},
  pages     = {29--49},
  publisher = {Springer},
  year      = {2015}
}

@inproceedings{DBLP:conf/host/KerckhofDSG13,
  author    = {St{\'{e}}phanie Kerckhof and
               Fran{\c{c}}ois Durvaux and
               Fran{\c{c}}ois{-}Xavier Standaert and
               Beno{\^{\i}}t G{\'{e}}rard},
  title     = {Intellectual property protection for {FPGA} designs with soft physical
               hash functions: First experimental results},
  booktitle = {{HOST}},
  pages     = {7--12},
  publisher = {{IEEE} Computer Society},
  year      = {2013}
}

@PHDTHESIS{Becker14,
  author = {Georg Tobias Becker},
  title  = {Intentional and Unintentional Side-channels in Embedded Systems},
  school = {University of Massachusetts Amherst},
  year   = {2014}
}

@inproceedings{DBLP:conf/socc/MarchandBJ14,
  author    = {C{\'{e}}dric Marchand and
               Lilian Bossuet and
               Edward Jung},
  title     = {{IP} watermark verification based on power consumption analysis},
  booktitle = {SoCC},
  pages     = {330--335},
  publisher = {{IEEE}},
  year      = {2014}
}

@inproceedings{DBLP:conf/cans/IgierV16,
  author    = {Mathilde Igier and
               Serge Vaudenay},
  title     = {Distance Bounding Based on {PUF}},
  booktitle = {{CANS}},
  series    = {Lecture Notes in Computer Science},
  volume    = {10052},
  pages     = {701--710},
  year      = {2016}
}

@inproceedings{DBLP:conf/cardis/GambsLO15,
  author    = {S{\'{e}}bastien Gambs and
               Carlos Eduardo Rosar K{\'{o}}s Lassance and
               Cristina Onete},
  title     = {The Not-so-Distant Future: Distance-Bounding Protocols on Smartphones},
  booktitle = {{CARDIS}},
  series    = {Lecture Notes in Computer Science},
  volume    = {9514},
  pages     = {209--224},
  publisher = {Springer},
  year      = {2015}
}

@article{DBLP:journals/iacr/FrancisHMM11,
  author    = {Lishoy Francis and
               Gerhard P. Hancke and
               Keith Mayes and
               Konstantinos Markantonakis},
  title     = {Practical Relay Attack on Contactless Transactions by Using {NFC} Mobile Phones},
  journal   = {{IACR} Cryptology ePrint Archive},
  volume    = {2011},
  pages     = {618},
  year      = {2011}
}

@techreport{SP800-108,
type   		= {Standard},
key    		=  {{NIST Special Publication 800-108}},
month  		= {October},
year   		= {2009},
title       = {{Recommendation for Key Derivation    
  			Using Pseudorandom Functions (Revised)}},
author      = {Lily Chen},
institution = {{NIST}}
}

@MISC{FIPS197,
  author = "NIST/ITL/CSD",
  title  = "{Advanced Encryption Standard (AES). FIPS PUB 197}",
  year   = "2001",
  month  = "Nov",
  note   = "\url{http://csrc.nist.gov/publications/fips/fips197/fips-197.pdf}"
}
@misc{ISO14443,
  author = "ISO/IEC 14443",
  title = "Identification cards -- Contactless integrated circuit cards -- Proximity cards",
  year = "2016"
}
@misc{ISO14443-4,
  author = "ISO/IEC 14443 - 4",
  title = "Identification cards -- Contactless integrated circuit cards -- Proximity cards -- Part 4: Transmission protocol",
  year = "2016"
}
@misc{ISO7816,
  author = "ISO/IEC 7816",
  title = "Identification cards — Integrated circuit cards"
}
@inproceedings{DBLP:conf/ches/GenellePQ11,
  author    = {Laurie Genelle and
               Emmanuel Prouff and
               Micha{\"{e}}l Quisquater},
  title     = {Thwarting Higher-Order Side Channel Analysis with Additive and Multiplicative
               Maskings},
  booktitle = {{CHES}},
  series    = {Lecture Notes in Computer Science},
  volume    = {6917},
  pages     = {240--255},
  publisher = {Springer},
  year      = {2011}
}

@inproceedings{DBLP:conf/eurocrypt/Coron14,
  author    = {Jean{-}S{\'{e}}bastien Coron},
  title     = {Higher Order Masking of Look-Up Tables},
  booktitle = {{EUROCRYPT}},
  series    = {Lecture Notes in Computer Science},
  volume    = {8441},
  pages     = {441--458},
  publisher = {Springer},
  year      = {2014}
}

@book{DBLP:books/daglib/0017272,
  author    = {Stefan Mangard and
               Elisabeth Oswald and
               Thomas Popp},
  title     = {Power analysis attacks - revealing the secrets of smart cards},
  publisher = {Springer},
  year      = {2007}
}

@inproceedings{DBLP:conf/ches/RivainP10,
  author    = {Matthieu Rivain and
               Emmanuel Prouff},
  title     = {Provably Secure Higher-Order Masking of {AES}},
  booktitle = {{CHES}},
  series    = {Lecture Notes in Computer Science},
  volume    = {6225},
  pages     = {413--427},
  publisher = {Springer},
  year      = {2010}
}

@inproceedings{DBLP:conf/wisec/TippenhauerLKC15,
  author    = {Nils Ole Tippenhauer and
               Heinrich Luecken and
               Marc Kuhn and
               Srdjan Capkun},
  title     = {{UWB} rapid-bit-exchange system for distance bounding},
  booktitle = {{WISEC}},
  pages     = {2:1--2:12},
  publisher = {{ACM}},
  year      = {2015}
}



@inproceedings{cpa-ches04,
	AUTHOR    = "Brier, {\'E}ric and Christophe Clavier and Francis Olivier",
	booktitle = {CHES},
	TITLE     = "{Correlation Power Analysis with a Leakage Model}",
	JOURNAL   = "{Proc. of CHES'04}",
	YEAR      = 2004,
	VOLUME    = "3156",
	series    = "LNCS",
	publisher = "Springer",
	PAGES     = "16--29",
	MONTH     = "August 11--13",
	NOTE      = "{Cambridge, MA, USA}"
}

@inproceedings{peeters-ches05,
	author    = {Peeters, {\'E}ric and Standaert, Fran\c{c}ois-Xavier and Nicolas Donckers and Jean-Jacques Quisquater},
	title     = "{Improved Higher-Order Side-Channel Attacks With FPGA Experiments}",
	booktitle = {CHES},
	series    = "LNCS",
	publisher = "Springer-Verlag",
	volume    = "3659",
	year      = {2005},
	pages     = {309-323},
	note      = {{Edinburgh, UK}}
}

@InProceedings{ChipWhisperer,
author="O'Flynn, Colin
and Chen, Zhizhang (David)",
title="ChipWhisperer: An Open-Source Platform for Hardware Embedded Security Research",
booktitle="Constructive Side-Channel Analysis and Secure Design",
year="2014",
publisher="Springer International Publishing",
address="Cham",
pages="243--260",
}

@inproceedings{DBLP:conf/ches/SchindlerLP05,
  author    = {Werner Schindler and Kerstin Lemke and Christof Paar},
  title     = {{A Stochastic Model for Differential Side Channel Cryptanalysis}},
  booktitle = {CHES},
  publisher = "Springer",
  series    = "LNCS",
  VOLUME    = "3659",
  EDITOR    = "{LNCS}",
  MONTH     = "Sept",
  NOTE      = "{Edinburgh, Scotland, UK}",
  year      = {2005},
  pages     = {30-46},
  ee        = {http://dx.doi.org/10.1007/11545262_3},
}


@InProceedings{10.1007/978-3-642-42033-7_26,
author="Lomn{\'e}, Victor
and Prouff, Emmanuel
and Roche, Thomas",
editor="Sako, Kazue
and Sarkar, Palash",
title="Behind the Scene of Side Channel Attacks",
booktitle="Advances in Cryptology - ASIACRYPT 2013",
year="2013",
publisher="Springer Berlin Heidelberg",
address="Berlin, Heidelberg",
pages="506--525",
isbn="978-3-642-42033-7"
}

% Optional fields: subtitle, titleaddon, language, howpublished, note, location, isbn, date, month, year, addendum, pubstate, url, urldate
@unpublished{MendozaNFC,
author = {Salvador Mendoza and Leigh-Anne Galloway},
title = {NFC Payments: The Art of Relay and Replay Attacks},
year = {2018},
note = "\url{https://www.troopers.de/troopers18/agenda/hzghkk/}",
}